4766 6948
423 399 1472 558 nrzuaccnaunnruua
1759 472 1784 544 5

211 657 275 764 ab
329 651 378 764 se
430 651 678 789 acciperet
714 677 727 745 ι
768 665 871 770 {arm
904 634 1273 754 axaaorrnanr
1306 647 1401 755 libi
1434 687 1567 796 quae
1603 658 1656 758 in
1710 649 1789 758 lu·
1832 642 1895 713 W·

209 851 272 920 co
306 803 511 916 Similae
545 794 1008 906 Bacchanalibus
993 835 1047 903 m
1083 799 1225 918 sacro
1261 805 1525 914 nocturno
1568 807 1789 916 solerent

211 969 349 1080 lieri.
379 961 497 1066 Hoc
536 951 628 1064 ubi
658 955 895 1071 audivit,
930 977 1107 1064 tantus
1144 993 1309 1103 pavor
1344 987 1645 1108 tremorque
1681 1001 1793 1071 om-

205 1132 370 1234 nium
398 1111 761 1220 membrorum
816 1105 1086 1218 mulierem
1137 1119 1323 1258 cepit,
1359 1143 1420 1224 ut
1452 1117 1562 1225 diu
1599 1121 1793 1228 hiscere

204 1315 312 1390 non
357 1269 554 1416 pollet
596 1273 804 1376 tandem
843 1265 1204 1388 confirmata,
1238 1271 1465 1416 puellam
1502 1277 1794 1384 admodum

205 1435 255 1546 sc
305 1425 551 1546 ancillam
605 1431 868 1532 initiatam
904 1459 1026 1530 cum
1061 1427 1273 1535 domina
1311 1437 1419 1536 ait.
1454 1429 1656 1578 aliquot
1706 1471 1796 1541 an..

200 1594 276 1698 nis
295 1623 395 1703 ,ex
430 1617 541 1730 quo
575 1582 885 1690 manumissa
923 1580 1026 1694 fit,
1062 1581 1193 1686 nihil
1228 1589 1359 1728 quid
1394 1584 1792 1729 ibi1fiat,scire.

194 1743 310 1886 Jam
334 1741 563 1884 idipsum
602 1732 804 1850 Consul
841 1731 1082 1850 laudare,
1118 1741 1261 1880 quod
1300 1745 1563 1846 initiatam
1598 1745 1647 1852 se
1684 1781 1791 1850 non

201 1897 570 2010 inficiaretur.
608 1895 702 2003 Sed
739 1895 792 2000 δι
829 1917 995 1999 cetera
1039 1893 1221 1999 eadem
1273 1887 1377 2002 fide
1433 1925 1791 2040 expromeret.

200 2055 434 2194 Neganti
461 2049 597 2156 ultra
618 2055 907 2195 quicquam
927 2050 1088 2166 scire,
1117 2086 1226 2155 non
1259 2051 1477 2157 eandem
1499 2127 1512 2170 ,
1534 2057 1733 2175 dicere,
1753 2055 1792 2161 fi

199 2235 518 2350 coarguatur
553 2201 618 2310 ab
652 2202 784 2322 alio,
804 2241 864 2310 ac
894 2207 1062 2350 perse
1093 2204 1278 2314 fatenti
1313 2214 1525 2314 veniam
1556 2241 1647 2318 aut
1677 2247 1792 2350 gra·

137 2381 139 2386 ’
198 2369 328 2475 tiam
363 2367 472 2474 fore
493 2443 502 2464 .
523 2396 643 2468 cum
679 2357 773 2464 fibi
813 2367 989 2464 omnia
1027 2359 1449 2508 exposuille‚qui
1485 2365 1550 2470 ab
1576 2365 1671 2472 illa
1699 2407 1792 2475 au·

201 2523 382 2636 differ.
419 2517 617 2628 Mulier
646 2515 791 2621 haud
830 2513 1017 2632 dubie,
1046 2518 1103 2621 id
1138 2518 1283 2662 quod
1317 2545 1425 2623 crat
1454 2521 1788 2634 ,Aebutium

195 2683 425 2792 indicem
456 2679 632 2782 arcani
663 2695 775 2777 rata
808 2671 942 2791 elle,
970 2672 1037 2779 acl
1075 2675 1227 2816 pedes
1261 2671 1515 2817 Sulpiciae
1547 2683 1791 2820 procidit5

196 2843 251 2946 δι
308 2874 420 2942 eam
470 2841 643 2978 primo
690 2863 835 2934 orare
885 2827 1052 2973 coepit
1086 2899 1100 2945 ,
1137 2867 1202 2934 ne
1251 2831 1483 2936 mulieris
1518 2829 1791 2940 libertinae
1880 2871 1883 2876 ·

194 3027 318 3100 cum
355 3013 588 3094 amatore
625 2985 973 3094 sermonem
959 3024 1013 3094 ιιι
1049 3021 1160 3092 rem
1198 2998 1351 3106 ,non
1387 2987 1570 3094 seriam
1607 2991 1789 3107 modo,

195 3149 310 3260 sed
321 3142 593 3298 capitalem
622 3149 784 3252 etiam
821 3147 953 3250 verti
992 3138 1179 3248 vellet
1200 3145 1504 3252 Seterrendi
1538 3143 1790 3287 ejuscau·
1877 3239 1886 3250 .

195 3305 413 3420 samon
450 3303 595 3448 quod
630 3302 782 3408 sciret
813 3307 1141 3445 quicquam,
1168 3337 1225 3404 ea
1258 3295 1490 3410 locutam
1527 3298 1651 3406 ιΙΓι
1681 3299 1791 3407 Hic
1965 3369 1994 3430 ,-

60 3589 65 3600 ¹
194 3459 495 3568 Postumius
531 3457 822 3574 accensus
807 3461 913 3576 rra,
948 3479 1067 3566 tum
1101 3468 1475 3606 quoque,ait‚
1509 3494 1620 3563 eam
1665 3492 1790 3564 cum
1915 3449 1920 3464 “

199 3613 439 3722 Aebutio
475 3620 523 3724 se
562 3641 796 3760 amatore
839 3613 1073 3726 cavillari
1109 3618 1313 3762 credere
1349 3690 1364 3736 ‚
1403 3620 1597 3726 nonin
1631 3613 1792 3720 domo

197 3755 529 3907 gravillimae
560 3775 810 3893 feminae,
845 3779 899 3884 δι
937 3809 1060 3881 cum
1099 3759 1339 3882 Consule
1369 3770 1546 3913 loqui.
1589 3774 1642 3868 &
1680 3761 1791 3867 Sul·

195 3915 607 4066 piciaattollere
641 3947 921 4058 paventem
957 3998 971 4041 ,
1011 3925 1166 4028 fimul
1202 3926 1348 4030 illam
1380 3923 1686 4029 adhortari,
1723 3910 1787 4020 sr-

196 4073 314 4184 mul
345 4077 479 4180 iram
514 4077 691 4212 generi
727 4069 888 4174 lenire
921 4139 933 4166 .
978 4076 1222 4170 Tandem
1255 4071 1565 4176 confirmata
1601 4143 1616 4186 ‚
1651 4068 1788 4175 mul-

194 4227 578 4343 tumincusata
616 4222 834 4371 perfidia
851 4217 1111 4338 Aebutii,
1146 4226 1242 4364 qui
1278 4230 1465 4366 optimi
1502 4231 1558 4330 in
1587 4259 1648 4331 eo
1678 4229 1791 4368 ipso

197 4393 376 4496 meriti
410 4383 569 4492 talem
609 4389 829 4518 gratiam
867 4374 1152 4511 retuliffet5
1172 4413 1427 4518 magnum
1461 4378 1554 4487 libi
1584 4406 1789 4489 metum

13 4650 53 4682 Η
201 4544 447 4648 Deorum
466 4608 479 4651 ‚
497 4571 726 4678 quorum
763 4534 967 4644 occulta
1003 4539 1154 4639 initia
1180 4544 1481 4644 enunciaret
1504 4539 1788 4679 ‚majorem

199 4692 374 4806 multo
410 4693 546 4798 dixit
581 4689 864 4799 hominum
901 4689 997 4802 effe
1028 4762 1042 4805 ‚
1076 4694 1170 4835 qui
1204 4688 1254 4795 se
1288 4695 1511 4802 indicem
1549 4691 1789 4799 manibus

198 4855 302 4963 suis
339 4848 646 4994 discerpturi
672 4843 860 4952 ellent
897 4841 1078 4991 ltaque
1110 4845 1215 4954 hoc
1247 4848 1297 4953 se
1334 4847 1651 4992 Sulpiciam,
1687 4850 1791 4956 hoc

202 5004 489 5116 Consulem
523 5039 693 5122 orare,
728 5025 788 5110 ut
823 5000 872 5109 se
901 5026 1053 5110 extra
1088 5001 1291 5110 ltaliam
1330 5003 1509 5152 aliquo
1543 5009 1788 5112 amanda·

200 5187 316 5274 rent
354 5231 368 5280 ‚
364 5141 496 5268 ubi
551 5159 809 5305 reliquum
858 5167 997 5268 vitae
1030 5161 1215 5298 degere
1252 5169 1371 5272 tuto
1405 5160 1601 5308 pollet
1638 5165 1786 5270 Bono

203 5326 383 5426 animo
421 5313 519 5427 elle
553 5315 726 5456 jubere
761 5351 875 5421 eam
914 5313 1148 5432 Consul,
1167 5321 1219 5426 δι
1255 5316 1349 5426 fibi
1393 5355 1545 5428 curae
1580 5321 1689 5426 fore
1708 5314 1785 5421 dr

205 5513 368 5592 cere,
398 5497 459 5582 ut
504 5473 703 5583 Romae
752 5481 872 5578 tuto
913 5469 1218 5583 habitaret
1259 5495 1353 5602 m
1395 5481 1533 5588 Tum
1567 5469 1786 5616 Hispala

205 5639 459 5772 originem
512 5630 777 5740 sacrorum
822 5635 1138 5772 expromit
1179 5633 1358 5735 Primo
1406 5629 1684 5734 sacrarium
1731 5629 1785 5736 id

208 5790 519 5901 feminarum
553 5783 699 5932 fuille
735 5855 751 5903 2
793 5817 889 5896 nec
923 5787 1455 6044 quemquamssvirum
1496 5792 1556 5890 eo
1596 5787 1782 5892 admit-

1741 5968 1781 6047 tr

1829 5431 1911 5502 Vll.
